<record><leader>00000cas a2200000 a 4500</leader><controlfield tag="001">12499088</controlfield><controlfield tag="008">850906d18241827pauwr ne      0    0eng c</controlfield><datafield ind1=" " ind2=" " tag="010"><subfield code="a">sn 85055261 </subfield></datafield><datafield ind1=" " ind2=" " tag="040"><subfield code="a">NPH</subfield><subfield code="b">eng</subfield><subfield code="c">NPH</subfield><subfield code="d">DLC</subfield><subfield code="d">NPH</subfield><subfield code="d">DLC</subfield><subfield code="d">IUL</subfield><subfield code="d">OCL</subfield><subfield code="d">DLC</subfield><subfield code="d">OCLCQ</subfield><subfield code="d">OCLCF</subfield></datafield><datafield ind1="1" ind2=" " tag="029"><subfield code="a">AU@</subfield><subfield code="b">000020126938</subfield></datafield><datafield ind1=" " ind2=" " tag="042"><subfield code="a">pcc</subfield></datafield><datafield ind1=" " ind2=" " tag="043"><subfield code="a">n-us-pa</subfield></datafield><datafield ind1="0" ind2="0" tag="050"><subfield code="a">Newspaper</subfield></datafield><datafield ind1="0" ind2="0" tag="245"><subfield code="a">Bedford true American.</subfield></datafield><datafield ind1="3" ind2="0" tag="246"><subfield code="a">True American</subfield></datafield><datafield ind1=" " ind2=" " tag="260"><subfield code="a">Bedford, Pa. :</subfield><subfield code="b">Printed by Thomas R. Gettys,</subfield><subfield code="c">1824-</subfield></datafield><datafield ind1=" " ind2=" " tag="300"><subfield code="a">v. ;</subfield><subfield code="c">50-53 cm.</subfield></datafield><datafield ind1=" " ind2=" " tag="310"><subfield code="a">Weekly</subfield></datafield><datafield ind1="0" ind2=" " tag="362"><subfield code="a">Vol. 12, no. 1 (Aug. 13, 1824)-</subfield></datafield><datafield ind1="1" ind2=" " tag="362"><subfield code="a">Ceased in Oct. 1827?</subfield></datafield><datafield ind1=" " ind2=" " tag="515"><subfield code="a">With June 8, 1827 issue publisher started new numbering.</subfield></datafield><datafield ind1=" " ind2="0" tag="651"><subfield code="a">Bedford (Pa.)</subfield><subfield code="v">Newspapers.</subfield></datafield><datafield ind1=" " ind2="7" tag="655"><subfield code="a">Newspapers.</subfield><subfield code="2">fast</subfield><subfield code="0">(OCoLC)fst01423814</subfield></datafield><datafield ind1=" " ind2="7" tag="651"><subfield code="a">Pennsylvania</subfield><subfield code="z">Bedford.</subfield><subfield code="2">fast</subfield><subfield code="0">(OCoLC)fst01220521</subfield></datafield><datafield ind1=" " ind2=" " tag="752"><subfield code="a">United States</subfield><subfield code="b">Pennsylvania</subfield><subfield code="c">Bedford</subfield><subfield code="d">Bedford.</subfield></datafield><datafield ind1="0" ind2="0" tag="780"><subfield code="t">True American (Bedford, Pa.)</subfield><subfield code="w">(DLC)sn 85025165</subfield><subfield code="w">(OCoLC)11633348</subfield></datafield><datafield ind1="0" ind2="0" tag="785"><subfield code="t">Democratic enquirer</subfield><subfield code="w">(DLC)sn 84024553</subfield><subfield code="w">(OCoLC)11017995</subfield></datafield></record>